%% This BibTeX bibliography file was created using BibDesk.
%% http://bibdesk.sourceforge.net/


%% Created for Christian Pech at 2011-04-05 20:53:57 +0200 


%% Saved with string encoding Unicode (UTF-8) 

 @misc{ wiki:semiring,
   author = "Wikipedia",
   title = "Semiring --- Wikipedia{,} The Free Encyclopedia",
   year = "2011",
   url = "\url{http://en.wikipedia.org/w/index.php?title=Semiring&oldid=410474961}",
   note = "[Online; accessed 5-April-2011]"
 }


@book{Gol99,
	Address = {Dordrecht},
	Author = {Golan, Jonathan S.},
	Date-Added = {2011-04-04 22:17:47 +0200},
	Date-Modified = {2011-04-04 22:19:09 +0200},
	Publisher = {Kluwer Academic Publishers},
	Title = {{Semirings and their applications.}},
	Year = {1999},
	Bdsk-Url-1 = {http://www.zentralblatt-math.org/zmath/en/search/?format=complete&q=an:0947.16034}}

@book{0587.68066,
	Author = {Berstel, Jean and Perrin, Dominique},
	Date-Added = {2011-04-04 21:35:35 +0200},
	Date-Modified = {2011-04-04 21:35:35 +0200},
	Publisher = {{Pure and Applied Mathematics, 117. Orlando etc.: Academic Press, Inc. XIV, 433 P. {\$} 60.00; \sterling 60.00 }},
	Title = {{Theory of codes.}},
	Year = {1985},
	Bdsk-Url-1 = {http://www.zentralblatt-math.org/zmath/en/search/?format=complete&q=an:0587.68066}}

@book{Zie96,
	Address = {Berlin},
	Author = {Zieschang, Paul-Hermann},
	Date-Added = {2011-04-03 22:29:46 +0200},
	Date-Modified = {2011-04-03 22:41:09 +0200},
	Publisher = {Springer},
	Series = {Lecture Notes in Mathematics},
	Title = {An algebraic approach to association schemes},
	Volume = {1628},
	Year = {1996},
	Bdsk-Url-1 = {http://www.zentralblatt-math.org/zmath/en/search/?format=complete&q=an:0857.05100}}

@article{Zie,
	Author = {Zieschang, Paul-Hermann},
	Date-Added = {2011-04-03 22:28:47 +0200},
	Date-Modified = {2011-04-03 22:29:24 +0200},
	Doi = {10.1006/jabr.1995.1373},
	Journal = {J. Algebra},
	Number = {3},
	Pages = {677-709},
	Title = {{Homogeneous coherent configurations as generalized groups and their relationship to buildings.}},
	Volume = {178},
	Year = {1995},
	Bdsk-Url-1 = {http://www.zentralblatt-math.org/zmath/en/search/?format=complete&q=an:0843.51017}}

@book{Zie05,
	Address = {Berlin},
	Author = {Zieschang, Paul-Hermann},
	Date-Added = {2011-04-03 22:24:38 +0200},
	Date-Modified = {2011-04-03 22:42:42 +0200},
	Publisher = {Springer},
	Series = {Monographs in Mathematics},
	Title = {Theory of association schemes},
	Year = {2005},
	Bdsk-Url-1 = {http://www.zentralblatt-math.org/zmath/en/search/?format=complete&q=an:1079.05099}}

@article{WeiL68,
	Author = {Weisfeiler, B. J. and Leman, A. A.},
	Journal = {Nauchno - Technicheskaja Informatsia},
	Note = {(Russian)},
	Number = {Seria 2},
	Pages = {12--16},
	Title = {A reduction of a graph to a canonical form and an algebra arising during this reduction},
	Volume = {9},
	Year = {1968}}

@book{Wei76,
	Address = {Berlin},
	Editor = {Weisfeiler, B.},
	Publisher = {Springer},
	Series = {Lecture Notes in Math.},
	Title = {On construction and identification of graphs},
	Volume = {558},
	Year = {1976}}
